@book{stallings,
  title={Computer Organization and Architecture},
  author={Stallings, W.},
  year={2015},
  publisher={Pearson Education}
}
